@book{DeBoor1978,
archivePrefix = {arXiv},
arxivId = {arXiv:1011.1669v3},
author = {de Boor, Carl},
doi = {10.2307/3615195},
eprint = {arXiv:1011.1669v3},
file = {:Users/140918/Dropbox/0_work/0_reading/FunctionalData/[Carl_De_Boor]_A_Practical_Guide_to_Splines_(Revis(z-lib.org).pdf:pdf},
isbn = {9781441919182},
issn = {00255572},
pages = {348},
pmid = {21971096},
publisher = {Springer-Verlag New York},
title = {{A Practical Guide to Splines}},
year = {1978}
}


